@article{banarescu2013abstract,
  title={Abstract meaning representation for sembanking},
  author={Banarescu, Laura and Bonial, Claire and Cai, Shu and Georgescu, Madalina and Griffitt, Kira and Hermjakob, Ulf and Knight, Kevin and Koehn, Philipp and Palmer, Martha and Schneider, Nathan},
  year={2013},
  publisher={Citeseer}
}

@InProceedings{rao-EtAl:2015:NAACL-HLT,
  author    = {Rao, Sudha  and  Ettinger, Allyson  and  Daum\'{e} III, Hal  and  Resnik, Philip},
  title     = {Dialogue focus tracking for zero pronoun resolution},
  booktitle = {Proceedings of the 2015 Conference of the North American Chapter of the Association for Computational Linguistics: Human Language Technologies},
  month     = {May--June},
  year      = {2015},
  address   = {Denver, Colorado},
  publisher = {Association for Computational Linguistics},
  pages     = {494--503},
  url       = {http://www.aclweb.org/anthology/N15-1052}
}

@article{rao2015parser,
  author    = {Rao, Sudha  and  Vyas, Yogarshi  and  Daum\'{e} III, Hal  and  Resnik, Philip},
  title     = {Parser for Abstract Meaning Representation using Learning to Search},
  year      = {2015},
  journal={arXiv preprint arXiv:1510.07586}
}

@inproceedings{mintz2009distant,
  title={Distant supervision for relation extraction without labeled data},
  author={Mintz, Mike and Bills, Steven and Snow, Rion and Jurafsky, Dan},
  booktitle={Proceedings of the Joint Conference of the 47th Annual Meeting of the ACL and the 4th International Joint Conference on Natural Language Processing of the AFNLP: Volume 2-Volume 2},
  pages={1003--1011},
  year={2009},
  organization={Association for Computational Linguistics}
}

@inproceedings{takamatsu2012reducing,
  title={Reducing wrong labels in distant supervision for relation extraction},
  author={Takamatsu, Shingo and Sato, Issei and Nakagawa, Hiroshi},
  booktitle={Proceedings of the 50th Annual Meeting of the Association for Computational Linguistics: Long Papers-Volume 1},
  pages={721--729},
  year={2012},
  organization={Association for Computational Linguistics}
}

@InProceedings{flanigan-EtAl:2014:P14-1,
  author    = {Flanigan, Jeffrey  and  Thomson, Sam  and  Carbonell, Jaime  and  Dyer, Chris  and  Smith, Noah A.},
  title     = {A Discriminative Graph-Based Parser for the Abstract Meaning Representation},
  booktitle = {Proceedings of the 52nd Annual Meeting of the Association for Computational Linguistics (Volume 1: Long Papers)},
  month     = {June},
  year      = {2014},
  address   = {Baltimore, Maryland},
  publisher = {Association for Computational Linguistics},
  pages     = {1426--1436},
  url       = {http://www.aclweb.org/anthology/P14-1134}
}

@article{daume2009search,
  title={Search-based structured prediction},
  author={Daum{\'e} III, Hal and Langford, John and Marcu, Daniel},
  journal={Machine learning},
  volume={75},
  number={3},
  pages={297--325},
  year={2009},
  publisher={Springer}
}

@inproceedings{DBLP:conf/emnlp/PustHKMM15,
  author    = {Michael Pust and
               Ulf Hermjakob and
               Kevin Knight and
               Daniel Marcu and
               Jonathan May},
  title     = {Parsing English into Abstract Meaning Representation Using Syntax-Based
               Machine Translation},
  booktitle = {Proceedings of the 2015 Conference on Empirical Methods in Natural
               Language Processing, {EMNLP} 2015, Lisbon, Portugal, September 17-21,
               2015},
  pages     = {1143--1154},
  year      = {2015},
  crossref  = {DBLP:conf/emnlp/2015},
  url       = {http://aclweb.org/anthology/D/D15/D15-1136.pdf},
  timestamp = {Wed, 14 Oct 2015 09:56:24 +0200},
  biburl    = {http://dblp.uni-trier.de/rec/bib/conf/emnlp/PustHKMM15},
  bibsource = {dblp computer science bibliography, http://dblp.org}
}

@inproceedings{laput2013pixeltone,
  title={PixelTone: a multimodal interface for image editing},
  author={Laput, Gierad P and Dontcheva, Mira and Wilensky, Gregg and Chang, Walter and Agarwala, Aseem and Linder, Jason and Adar, Eytan},
  booktitle={Proceedings of the SIGCHI Conference on Human Factors in Computing Systems},
  pages={2185--2194},
  year={2013},
  organization={ACM}
}